%
%  $Description: Sample bibliography$ 
% 
%  $Author: ienne $ 
%  $Date: 1995/09/15 15:19:53 $
%  $Revision: 1.3 $
%

@Article{ex1,
	author =   "Author, Diego Ongaro and John Ousterhout",
	title =   "In Search of an Understandable Consensus Algorithm", 
	journal =   "2014 USENIX Annual Technical",
	month = "June",
	number = "6",
	year =   "2014",
	pages =   "1-16",
}


@Book{ex2,
	author =   "George Coulouris, Jean  Dollimore, Tim  Kindberg and Gordon  Blair", 
	title =   "Distributed Systems: Concepts and Design Fifth Edition", 
	publisher =   "Pearson Custom Publishing",
	year =   "2012"
}

